
@article{Geyer2017,
	title = {Production, use, and fate of all plastics ever made.},
	author = {Geyer, Roland and Jambeck, Jenna R. and Law, Kara Lavender},
	year = {2017},
	date = {2017},
	journal = {Science Advances},
	pages = {e1700782},
	volume = {3},
	number = {7},
	doi = {10.1126/sciadv.1700782},
	url = {http://www.ncbi.nlm.nih.gov/pubmed/28776036%0Ahttp://www.pubmedcentral.nih.gov/articlerender.fcgi?artid=PMC5517107},
	note = {PMID: 28776036
Citation Key: Geyer2017}
}
